% Encoding: UTF-8

@Article{reactions,
  author  = {Франк-Каменецкий, Д. А.},
  title   = {Реакции (р, n) и (р, 2n) и происхождение обойдённых ядер},
  journal = {Астрономический журнал},
  year    = {1961},
  volume  = {38},
  number  = {1},
  pages   = {91},
}

@PhdThesis{tak,
  author = {Крыловецкая, Т. А.},
  title  = {Столкновительный бета-распад ядер и проблема происхождения обойденных изотопов},
  school = {ВГУ},
  year   = {1998},
}

@Article{role,
  author  = {Travaglio, C. and Rauscher, T. and Heger, A. and Pignatari, M. and West, C.},
  title   = {Role of core-collapse supernovae in explaining solar system abundances of p nuclides},
  journal = {Astrophysical Journal},
  year    = {2018},
  volume  = {18},
  number  = {854},
}

@Article{tak_article,
  author = {Та самя статья},
}

@Article{jina,
  author  = {Cyburt, R. H. and Amthor, A. M. and Meisei, Z. and Warren, S.},
  title   = {The jina reaclib database: Its recent updates and impact on type-I X-ray bursts},
  journal = {The Astrophysical Journal Supplement Series},
  year    = {2010},
}

@TechReport{rates,
  author      = {T. Rauscher and F. Thielmann},
  title       = {Astrophysical reaction rates from statistical model calculations},
  institution = {Universita Basel},
  year        = {2000},
  journal     = {Academic Press},
}

@PhdThesis{skynet,
  author = {Lippuner, Jonas},
  title  = {r-Process Nucleosynthesis in Neutron Star Mergers with the New Nuclear Reaction Network SkyNet},
  school = {California Institute of Technology},
  year   = {2018},
}

@Article{simulation,
  author  = {Seitenzahl, Ivo R. and Townsley, Dean M. and Peng, Fang and Truran, James W.},
  title   = {Nuclear statistical equilibrium for Type Ia supernova simulations},
  journal = {Atomic Data and Nuclear Data Tables},
  year    = {2008},
  number  = {95},
  pages   = {96-114},
}

@Article{Tytler,
  author  = {Tytler, D., J. M. O’Meara N. Suzuki and Lubin, D.},
  title   = {Review Of Big Bang Nucleosynthesis And Primordial Abundances},
  journal = {Physica Scripta},
  year    = {2000},
  volume  = {85},
  pages   = {12},
}

@Article{coctail,
  author  = {Coc, A., J.-P. Uzan and Vangioni, E.},
  title   = {Mirror matter can alleviate the cosmological lithium problem},
  journal = {Physical Review D},
  year    = {2013},
  volume  = {87},
  number  = {12},
  pages   = {123530},
}

@Book{cauldrons,
  title     = {Cauldrons in the cosmos: Nuclear astrophysics},
  publisher = {University of Chicago Press},
  year      = {1988},
  author    = {Rolfs, C. E. and Rodney, W. S.},
  address   = {Chicago IL, United States},
}

@Article{energy,
  author  = {Bethe, H. A.},
  title   = {Energy Production in Stars},
  journal = {Physical Review},
  year    = {1939},
  volume  = {55},
  pages   = {434},
}

@Book{interiors,
  title     = {Stellar interiors : physical principles, structure, and evolution},
  publisher = {Springer-Verlag},
  year      = {2004},
  author    = {Hansen, C. J., S. D. Kawaler and Trimble, V.},
}

@Article{massive,
  author  = {Woosley, S. E., A. Heger and Weaver, T. A.},
  title   = {The evolution and explosion of massive stars},
  journal = {Reviews of Modern Physics},
  year    = {2002},
  volume  = {74},
  pages   = {1015},
}

@Article{qse,
  author  = {Bodansky, D., D. D. Clayton and Fowler, W. A.},
  title   = {Nuclear Quasi-Equilibrium during Silicon Burning},
  journal = {Astrophysical Journal},
  year    = {1968},
  volume  = {Supplement 16},
  pages   = {299},
}

@Article{abundancies,
  author  = {Lodders, K.},
  title   = {Solar System Abundances and Condensation Temperatures of the Elements},
  journal = {Astrophysical Journal},
  year    = {2003},
  volume  = {591},
  pages   = {1220},
}

@Article{nse,
  author  = {Seitenzahl, I. R., D. M. Townsley F. Peng and Truran, J. W.},
  title   = {Nuclear statistical equilibrium for Type Ia supernova simulations},
  journal = {Atomic Data and Nuclear Data Tables},
  year    = {2009},
  volume  = {95},
  pages   = {96},
}

@Article{iron-abu,
  author  = {Iwamoto, K., F. Brachwitz K. Nomoto N. Kishimoto H. Umeda W. R. Hix and Thielemann, F.-K.},
  title   = {Nucleosynthesis in Chandrasekhar Mass Models for Type IA Supernovae and Constraints on Progenitor Systems and Burning-Front Propagation},
  journal = {Astrophysical Journal},
  year    = {1999},
  volume  = {Supplement 125},
  pages   = {439},
}

@Article{places,
  author  = {Mathews, G. J. and J. J. Cowan},
  title   = {New insights into the astrophysical r-process},
  journal = {Nature},
  year    = {1990},
  volume  = {345},
  pages   = {491},
}

@Article{sites,
  author  = {Thielemann, F.-K., A. Arcones, R. Käppeli, M. Liebendörfer, T. Rauscher},
  title   = {What are the astrophysical sites for the r-process and the production of heavy elements?},
  journal = {Progress in Particle and Nuclear Physics},
  year    = {2011},
  volume  = {66},
  pages   = {346},
}

@Comment{jabref-meta: databaseType:bibtex;}
